<?xml version="1.0" encoding="UTF-8"?><collection xmlns="http://www.loc.gov/MARC21/slim"><record><leader>00576nam--2200181-i-4500</leader><controlfield tag="001">000001751</controlfield><controlfield tag="002">20161230</controlfield><controlfield tag="005">20161230201024</controlfield><controlfield tag="008">060222s1000------------r-----000-0-ger-d</controlfield><datafield ind1=" " ind2=" " tag="028"><subfield code="a">IFIN-HH</subfield></datafield><datafield ind1=" " ind2=" " tag="041"><subfield code="a">ger</subfield></datafield><datafield ind1=" " ind2=" " tag="080"><subfield code="a">539.14</subfield></datafield><datafield ind1="1" ind2=" " tag="100"><subfield code="a">Gobel, Lutz</subfield></datafield><datafield ind1="1" ind2="0" tag="245"><subfield code="a">Levelcrossing-und doppelresonanzuntersuchungen in den angeregten termen 5d 6s6p(1d) 2d3/2 und 5d 6s6p(1d)2f5/2 zur bestimmung der hyperfeinstruktur von 175 lu</subfield><subfield code="b">Dissertation</subfield><subfield code="c">Lutz gobel</subfield></datafield><datafield ind1=" " ind2=" " tag="260"><subfield code="a">Berlin</subfield><subfield code="b">Universitat</subfield><subfield code="c">1969</subfield></datafield><datafield ind1=" " ind2=" " tag="300"><subfield code="a">43 P</subfield></datafield><datafield ind1=" " ind2=" " tag="852"><subfield code="a">32029</subfield><subfield code="c">539.14</subfield></datafield><datafield ind1=" " ind2=" " tag="CAT"><subfield code="a">Sys</subfield><subfield code="c">20120327</subfield><subfield code="h">133118</subfield></datafield></record></collection>